<?xml version="1.0" encoding="UTF-8"?><collection xmlns="http://www.loc.gov/MARC21/slim"><record><leader>00490nam--2200145-i-4500</leader><controlfield tag="001">000023166</controlfield><controlfield tag="002">20161230</controlfield><controlfield tag="005">20161230201034</controlfield><controlfield tag="008">060222s1000------------r-----000-0-eng-d</controlfield><datafield ind1=" " ind2=" " tag="080"><subfield code="a">53.081:535</subfield></datafield><datafield ind1=" " ind2=" " tag="100"><subfield code="a">Harrison, George R</subfield></datafield><datafield ind1=" " ind2=" " tag="245"><subfield code="a">Wavelength tables with intensities in arc, spark or discharge tube of more than 100,000 spectrum lines</subfield></datafield><datafield ind1=" " ind2=" " tag="260"><subfield code="a">Cambridge, Massachusetts, Institute Of  Technology, 1969. Xxxiv + 429 P</subfield></datafield><datafield ind1=" " ind2=" " tag="490"><subfield code="a">Massachussetts Inst.Of Technology</subfield></datafield><datafield ind1=" " ind2=" " tag="852"><subfield code="a">37215</subfield></datafield></record></collection>